<?xml version="1.0" encoding="UTF-8"?><collection xmlns="http://www.loc.gov/MARC21/slim"><record><leader>00565nam--2200205-u-4500</leader><controlfield tag="001">000053133</controlfield><controlfield tag="002">20161230</controlfield><controlfield tag="005">20161230201051</controlfield><controlfield tag="008">110106s1000------------r-----000-0-eng-d</controlfield><datafield ind1=" " ind2=" " tag="020"><subfield code="a">0521672287</subfield></datafield><datafield ind1=" " ind2=" " tag="040"><subfield code="a">IFIN-HH</subfield></datafield><datafield ind1=" " ind2=" " tag="080"><subfield code="a">539.141:510.23</subfield></datafield><datafield ind1="1" ind2=" " tag="100"><subfield code="a">Polchinski, Joseph</subfield></datafield><datafield ind1="1" ind2="0" tag="245"><subfield code="a">String theory</subfield><subfield code="c">Joseph polchinski</subfield></datafield><datafield ind1=" " ind2=" " tag="260"><subfield code="a">Cambridge</subfield><subfield code="b">Cambridge University Press</subfield><subfield code="c">2005</subfield></datafield><datafield ind1=" " ind2=" " tag="300"><subfield code="a">2 VOLUMES</subfield></datafield><datafield ind1=" " ind2="4" tag="650"><subfield code="a">Superstring Theory</subfield></datafield><datafield ind1="1" ind2=" " tag="787"><subfield code="a">Vol. Ii</subfield><subfield code="h">531p</subfield><subfield code="t">Superstring Theory And Beyond</subfield></datafield><datafield ind1=" " ind2=" " tag="852"><subfield code="a">81723</subfield><subfield code="c">539.12</subfield></datafield><datafield ind1=" " ind2=" " tag="CAT"><subfield code="a">Sys</subfield><subfield code="c">20110106</subfield><subfield code="h">145158</subfield></datafield></record></collection>